@Book{davison_1997,
  title = {Bootstrap Methods and Their Applications},
  author = {A. C. Davison and D. V. Hinkley},
  publisher = {Cambridge University Press},
  address = {Cambridge},
  year = {1997},
  note = {ISBN 0-521-57391-2},
  url = {https://doi.org/10.1017/CBO9780511802843},
}

@Manual{kelley_2018,
  title = {MBESS: The MBESS R Package},
  author = {Ken Kelley},
  year = {2018},
  note = {R package version 4.4.3},
  url = {https://CRAN.R-project.org/package=MBESS},
}

@Manual{canty_2019,
  title = {boot: Bootstrap R (S-Plus) Functions},
  author = {Angelo Canty and B. D. Ripley},
  year = {2019},
  note = {R package version 1.3-22},
}

@Manual{grosjean_2018,
  title = {SciViews-R},
  author = {Philippe Grosjean},
  organization = {UMONS},
  address = {MONS, Belgium},
  year = {2018},
  url = {http://www.sciviews.org/SciViews-R},
}

@Manual{chang_2019,
  title = {R6: Encapsulated Classes with Reference Semantics},
  author = {Winston Chang},
  year = {2019},
  note = {R package version 2.4.0},
  url = {https://CRAN.R-project.org/package=R6},
}

@Manual{wickham_2019,
  title = {dplyr: A Grammar of Data Manipulation},
  author = {Hadley Wickham and Romain François and Lionel Henry and Kirill Müller},
  year = {2019},
  note = {R package version 0.8.3},
  url = {https://CRAN.R-project.org/package=dplyr},
}

@Inbook{Shechtman_2013,
  author="Shechtman, Orit",
  editor="Doi, Suhail A. R.
  and Williams, Gail M.",
  title="The Coefficient of Variation as an Index of Measurement Reliability",
  bookTitle="Methods of Clinical Epidemiology",
  year="2013",
  publisher="Springer Berlin Heidelberg",
  address="Berlin, Heidelberg",
  pages="39--49",
  isbn="978-3-642-37131-8",
  url="https://doi.org/10.1007/978-3-642-37131-8_4"
}

@article{sorensen_2002,
  title={The use and misuse of the coefficient of variation in organizational demography research},
  author={S{\o}rensen, Jesper B},
  journal={Sociological methods \& research},
  volume={30},
  url = {https://doi.org/10.1177/0049124102030004001},
  number={4},
  pages={475--491},
  year={2002},
  publisher={Sage Publications Thousand Oaks}
}

@Manual{Canty2017,
  title = {Boot: {{Bootstrap R}} ({{S}}-{{Plus}}) {{Functions}}. {{R}} Package Version 1.3-20},
  date = {2017},
  pages = {1-3},
  author = {Canty, Angelo and Ripley, Brian}
}

@article{Payton_1996,
  title = {Confidence {{Intervals}} for the {{Coefficient}} of {{Variation}}},
  url = {https://doi.org/10.4148/2475-7772.1320},
  journaltitle = {Conference on {{Applied Statistics}} in {{Agriculture}}},
  year = {1996},
  pages = {82-90},
  author = {Payton, Mark E.}
}

@article{Vangel_1996,
  title = {Confidence Intervals for a Normal Coefficient of Variation},
  volume = {50},
  issn = {0003-1305},
  number = {1},
  journaltitle = {The American Statistician},
  year = {1996},
  pages = {21-26},
  author = {Vangel, Mark G},
  publisher = {{Taylor \& Francis Group}}
}

@article{McKay_1932,
  title = {Distribution of the {{Coefficient}} of {{Variation}} and the {{Extended}}" t" {{Distribution}}},
  volume = {95},
  issn = {0952-8385},
  number = {4},
  journaltitle = {Journal of the Royal Statistical Society},
  year = {1932},
  pages = {695-698},
  author = {McKay, A T},
  publisher = {{JSTOR}}
}

@article{Kelley_2007,
  title = {Sample Size Planning for the Coefficient of Variation from the Accuracy in Parameter Estimation Approach},
  volume = {39},
  issn = {1554351X},
  url = {https://doi.org/10.3758/BF03192966},
  number = {4},
  journaltitle = {Behavior Research Methods},
  year = {2007},
  pages = {755-766},
  author = {Kelley, Ken},
  pmid = {18183888}
}

@article{Altunkaynak_2018,
  title = {Bootstrap Confidence Intervals for the Coefficient of Quartile Variation},
  volume = {0},
  issn = {15324141},
  url = {https://doi.org/10.1080/03610918.2018.1435800},
  doi = {10.1080/03610918.2018.1435800},
  number = {0},
  journaltitle = {Communications in Statistics: Simulation and Computation},
  year = {2018},
  pages = {1-9},
  keywords = {Bootstrap methods,Coefficient of dispersion,Coefficient of quartile variation,Coefficient of variation,Confidence interval},
  author = {Altunkaynak, Bulent and Gamgam, Hamza},
  publisher = {{Taylor \& Francis}}
}

@article{Albatineh:2014,
  title = {Confidence Interval Estimation for the Population Coefficient of Variation Using Ranked Set Sampling: {{A}} Simulation Study},
  volume = {41},
  issn = {02664763},
  url = {https://doi.org/10.1080/02664763.2013.847405},
  number = {4},
  journaltitle = {Journal of Applied Statistics},
  year = {2014},
  pages = {733-751},
  keywords = {coefficient of variation,confidence interval,coverage probability,ranked set sample,simple random sample},
  author = {Albatineh, Ahmed N. and Kibria, B. M.Golam and Wilcox, Meredith L. and Zogheib, Bashar}
}

@article{EdwardMiller_1991,
  title = {Asymptotic Test Statistics for Coefficients of Variation},
  volume = {20},
  issn = {0361-0926},
  number = {10},
  journaltitle = {Communications in Statistics-Theory and Methods},
  year = {1991},
  pages = {3351-3363},
  author = {Edward Miller, G},
  publisher = {{Taylor \& Francis}}
}

@article{Panichkitkosolkul_2013,
  title = {Confidence {{Intervals}} for the {{Coefficient}} of {{Variation}} in a {{Normal Distribution}} with a {{Known Population Mean}}},
  volume = {2013},
  issn = {1687-952X},
  url = {https://doi.org/10.1155/2013/324940},
  journaltitle = {Journal of Probability and Statistics},
  year = {2013},
  pages = {1-11},
  author = {Panichkitkosolkul, Wararit}
}

@article{Mahmoudvand_2009,
  title = {Two New Confidence Intervals for the Coefficient of Variation in a Normal Distribution},
  volume = {36},
  issn = {0266-4763},
  number = {4},
  journaltitle = {Journal of Applied Statistics},
  year = {2009},
  url = {https://doi.org/10.1080/02664760802474249},
  pages = {429-442},
  author = {Mahmoudvand, Rahim and Hassani, Hossein},
  publisher = {{Taylor \& Francis}}
}

@article{Kelley2018,
  title = {{{MBESS}}: {{The MBESS R Package}}. {{R}} Package Version 4.4. 3},
  url = {https://cran.r-project.org/package=MBESS},
  date = {2018},
  author = {Kelley, Ken}
}

@article{Bonett_2006,
  title = {Confidence Interval for a Coefficient of Quartile Variation},
  volume = {50},
  issn = {01679473},
  url = {https://doi.org/10.1016/j.csda.2005.05.007},
  number = {11},
  journaltitle = {Computational Statistics and Data Analysis},
  year = {2006},
  pages = {2953-2957},
  keywords = {Coefficient of dispersion,Coefficient of variation,Interquartile range,Relative dispersion},
  author = {Bonett, Douglas G.}
}

@Manual{R,
  title = {R: A Language and Environment for Statistical Computing},
  author = {{R Core Team}},
  organization = {R Foundation for Statistical Computing},
  address = {Vienna, Austria},
  year = {2016},
  note = {{ISBN} 3-900051-07-0},
  url = {https://www.R-project.org/},
}

@article{ihaka:1996,
  Author = {Ihaka, Ross and Gentleman, Robert},
	Journal = {Journal of Computational and Graphical Statistics},
	Number = 3,
	Pages = {299--314},
	Title = {R: A Language for Data Analysis and Graphics},
	Volume = 5,
	Year = 1996,
  url = {https://doi.org/10.1080/10618600.1996.10474713}
}
